 
@article{laney2001,
	author = {Laney, Doug},
	title = {3D Data Management: Controlling Data Volume, Velocity, and Variety},
	journal = {Meta Group Research Note},
	year = {2001},
	note = {Republished by Gartner},
}

@article{gandomi2015,
	author = {Gandomi, Amir and Haider, Murtaza},
	title = {Beyond the hype: Big data concepts, methods, and analytics},
	journal = {International Journal of Information Management},
	volume = {35},
	number = {2},
	pages = {137--144},
	year = {2015},
	publisher = {Elsevier}
}

@misc{nist2015,
	author = {{National Institute of Standards and Technology}},
	title = {NIST Big Data Interoperability Framework: Volume 1, Definitions},
	year = {2015},
	howpublished = {\url{https://nvlpubs.nist.gov/nistpubs/SpecialPublications/NIST.SP.1500-1.pdf}},
	note = {Accessed May 2025}
}

@standard{iso20547,
	title = {Information Technology -- Big Data Reference Architecture -- Part 1: Framework and Application Process},
	year = {2020},
	organization = {ISO/IEC JTC 1/SC 42},
	number = {ISO/IEC 20547-1:2020}
}

@article{wamba2017,
	author = {Wamba, Samuel Fosso and Akter, Shahriar and Edwards, Alvis and Chopin, Guillaume and Gnanzou, Dwayne},
	title = {How ‘big data’ can make big impact: Findings from a systematic review and a longitudinal case study},
	journal = {International Journal of Production Economics},
	volume = {165},
	pages = {234--246},
	year = {2017},
	publisher = {Elsevier}
}

@article{mcafee2012,
	author = {McAfee, Andrew and Brynjolfsson, Erik},
	title = {Big Data: The Management Revolution},
	journal = {Harvard Business Review},
	volume = {90},
	number = {10},
	pages = {60--68},
	year = {2012}
}

@article{chen2012,
	author = {Chen, Hsinchun and Chiang, Roger H.L. and Storey, Veda C.},
	title = {Business Intelligence and Analytics: From Big Data to Big Impact},
	journal = {MIS Quarterly},
	volume = {36},
	number = {4},
	pages = {1165--1188},
	year = {2012}
}

@article{waller2013,
	author = {Waller, Matthew A. and Fawcett, Stanley E.},
	title = {Data Science, Predictive Analytics, and Big Data: A Revolution that will Transform Supply Chain Design and Management},
	journal = {Journal of Business Logistics},
	volume = {34},
	number = {2},
	pages = {77--84},
	year = {2013}
}

@article{jeble2018,
	author = {Jeble, Sanjay and Dubey, Rameshwar and Childe, Stephen J. and Papadopoulos, Thanos and Roubaud, David},
	title = {Impact of big data and predictive analytics capability on supply chain sustainability},
	journal = {The International Journal of Logistics Management},
	volume = {29},
	number = {2},
	pages = {513--538},
	year = {2018}
}

@article{mariani2021,
	author = {Mariani, Marcello and Borghi, Maurizio},
	title = {Big data and analytics in tourism and hospitality: A perspective article},
	journal = {Tourism Review},
	volume = {76},
	number = {1},
	pages = {104--108},
	year = {2021}
}

@article{georgescu2020,
	author = {Georgescu, Maria and Popescul, Dan},
	title = {Big Data—The Key Driver for Digital Transformation of Business Models},
	journal = {Management Dynamics in the Knowledge Economy},
	volume = {8},
	number = {1},
	pages = {21--38},
	year = {2020}
}

@misc{oecd2015,
	author = {{OECD}},
	title = {Data-Driven Innovation: Big Data for Growth and Well-Being},
	year = {2015},
	howpublished = {\url{https://www.oecd.org/sti/data-driven-innovation-9789264229358-en.htm}},
	note = {Accessed May 2025}
}

@article{assuncao2015,
	author = {Assunção, Marcos D. and Calheiros, Rodrigo N. and Bianchi, Silvio and Netto, Marco A. S. and Buyya, Rajkumar},
	title = {Big Data Computing and Clouds: Trends and Future Directions},
	journal = {Journal of Parallel and Distributed Computing},
	volume = {79--80},
	pages = {3--15},
	year = {2015},
	publisher = {Elsevier}
}

@article{jagadish2014,
	author = {Jagadish, H.V. and Gehrke, Johannes and Labrinidis, Alexandros and Papakonstantinou, Yannis and Patel, Jignesh M. and Ramakrishnan, Raghu and Shahabi, Cyrus},
	title = {Big Data and Its Technical Challenges},
	journal = {Communications of the ACM},
	volume = {57},
	number = {7},
	pages = {86--94},
	year = {2014}
}

@article{davenport2018,
	author = {Davenport, Thomas H. and Ronanki, Rajeev},
	title = {Artificial Intelligence for the Real World},
	journal = {Harvard Business Review},
	volume = {96},
	number = {1},
	pages = {108--116},
	year = {2018}
}

@article{fernandez2020,
	author = {Fernández-Caramés, Tiago M. and Fraga-Lamas, Paula},
	title = {A Review on the Use of Artificial Intelligence for Smart Manufacturing and Industry 4.0},
	journal = {IEEE Access},
	volume = {8},
	pages = {56755--56777},
	year = {2020}
}

@misc{wef2016,
	author = {{World Economic Forum}},
	title = {The Fourth Industrial Revolution: What It Means and How to Respond},
	year = {2016},
	howpublished = {\url{https://www.weforum.org/agenda/2016/01/the-fourth-industrial-revolution-what-it-means-and-how-to-respond}},
	note = {Accessed May 2025}
}

@misc{deloitte2021,
author = {{Deloitte Insights}},
title = {The Data Imperative: Talent Strategies for a Data-Driven World},
year = {2021},
howpublished = {\url{https://www2.deloitte.com/us/en/insights.html}},
note = {Accessed May 2025}
}

@misc{schroeck2012,
author = {Schroeck, Michael and Shockley, Rebecca and Smart, Janet and Romero-Morales, Dolores and Tufano, Peter},
title = {Analytics: The Real-World Use of Big Data},
year = {2012},
howpublished = {\url{https://www.ibm.com/downloads/cas/ZBZVBA8X}},
note = {IBM Global Business Services Report, Accessed May 2025}
}

@misc{russom2011,
author = {Russom, Philip},
title = {Big Data Analytics},
year = {2011},
howpublished = {\url{https://tdwi.org/research/2011/09/~/media/TDWI/TDWI/Research/TDWI%20Best%20Practices%20Reports/TDWI_BPReport_Q411_BigDataAnalytics_WEB.pdf}},
note = {TDWI Best Practices Report, Accessed May 2025}
}
@misc{deloitte2021,
	author = {{Deloitte Insights}},
	title = {The Data Imperative: Talent Strategies for a Data-Driven World},
	year = {2021},
	howpublished = {\url{https://www2.deloitte.com/us/en/insights.html}},
	note = {Accessed May 2025}
}

@misc{schroeck2012,
	author = {Schroeck, Michael and Shockley, Rebecca and Smart, Janet and Romero-Morales, Dolores and Tufano, Peter},
	title = {Analytics: The Real-World Use of Big Data},
	year = {2012},
	howpublished = {\url{https://www.ibm.com/downloads/cas/ZBZVBA8X}},
	note = {IBM Global Business Services Report, Accessed May 2025}
}

@misc{russom2011,
	author = {Russom, Philip},
	title = {Big Data Analytics},
	year = {2011},
	howpublished = {\url{https://tdwi.org/research/2011/09/~/media/TDWI/TDWI/Research/TDWI%20Best%20Practices%20Reports/TDWI_BPReport_Q411_BigDataAnalytics_WEB.pdf}},
	note = {TDWI Best Practices Report, Accessed May 2025}
}

@article{sun2019,
	author = {Sun, Yuqing and Guo, Bin and Zhao, Xin and Wang, Zhi},
	title = {Big Data Analytics for Personalized Recommendation in E-Commerce},
	journal = {IEEE Access},
	volume = {7},
	pages = {65962--65973},
	year = {2019}
}

@article{lee2019,
	author = {Lee, In and Shin, Yong Jae},
	title = {Fintech: Ecosystem, business models, investment decisions, and challenges},
	journal = {Business Horizons},
	volume = {62},
	number = {1},
	pages = {35--46},
	year = {2019}
}

@article{goyal2022,
	author = {Goyal, Meghna and Dua, Pankaj and Ahuja, Manju},
	title = {Big Data and Predictive Analytics in Banking and Financial Services: A Review},
	journal = {Journal of Enterprise Information Management},
	volume = {35},
	number = {1},
	pages = {201--225},
	year = {2022}
}

@article{lee2015,
	author = {Lee, Jay and Kao, Hung-An and Yang, Shanhu},
	title = {Service Innovation and Smart Analytics for Industry 4.0 and Big Data Environment},
	journal = {Procedia CIRP},
	volume = {16},
	pages = {3--8},
	year = {2015}
}

@article{ghobakhloo2018,
	author = {Ghobakhloo, Morteza},
	title = {The Future of Manufacturing Industry: A Strategic Roadmap Toward Industry 4.0},
	journal = {Journal of Manufacturing Technology Management},
	volume = {29},
	number = {6},
	pages = {910--936},
	year = {2018}
}

@article{zheng2016,
	author = {Zheng, Yu and Capra, Luca and Wolfson, Ouri and Yang, Haoyi},
	title = {Urban Computing: Concepts, Methodologies, and Applications},
	journal = {ACM Transactions on Intelligent Systems and Technology (TIST)},
	volume = {5},
	number = {3},
	pages = {38},
	year = {2016}
}

@article{ristevski2018,
	author = {Ristevski, Bojan and Chen, Ming},
	title = {Big Data Analytics in Medicine and Healthcare},
	journal = {Journal of Integrative Bioinformatics},
	volume = {15},
	number = {3},
	pages = {1--10},
	year = {2018}
}

@article{papamitsiou2014,
	author = {Papamitsiou, Zacharoula and Economides, Anastasios A.},
	title = {Learning Analytics and Educational Data Mining in Practice: A Systematic Literature Review of Empirical Evidence},
	journal = {Educational Technology \& Society},
	volume = {17},
	number = {4},
	pages = {49--64},
	year = {2014}
}

@misc{gartner2018,
	author = {{Gartner}},
	title = {Survey Analysis: Big Data Investment Grows but Deployments Remain Scarce},
	year = {2018},
	howpublished = {\url{https://www.gartner.com/en/documents/3883566}},
	note = {Accessed May 2025}
}

@article{ekambaram2021,
	author = {Ekambaram, Kiran and Prajapati, Chintan and Venkataraman, Srikrishna},
	title = {Big Data Strategy for Enterprise Decision Making: A Capability-Based Approach},
	journal = {Information Systems Frontiers},
	volume = {23},
	number = {6},
	pages = {1529--1543},
	year = {2021}
}

@article{otieno2021,
	author = {Otieno, Walter and Katuu, Shadrack},
	title = {The State of Data Governance in Organisations: A Literature Review},
	journal = {Records Management Journal},
	volume = {31},
	number = {2},
	pages = {123--140},
	year = {2021}
}

@misc{lewis2021,
	author = {Lewis, Adrian},
	title = {Developing Data Strategy: From Idea to Execution},
	year = {2021},
	howpublished = {\url{https://tdwi.org/articles/2021/10/12/dataall-developing-data-strategy.aspx}},
	note = {TDWI Insights, Accessed May 2025}
}

@misc{mckinsey2016,
	author = {{McKinsey \& Company}},
	title = {The Age of Analytics: Competing in a Data-Driven World},
	year = {2016},
	howpublished = {\url{https://www.mckinsey.com/business-functions/mckinsey-analytics/our-insights/the-age-of-analytics-competing-in-a-data-driven-world}},
	note = {Accessed May 2025}
}

@article{laney2001,
	author = {Laney, Doug},
	title = {3D Data Management: Controlling Data Volume, Velocity, and Variety},
	journal = {Meta Group Research Note},
	year = {2001},
	note = {Republished by Gartner}
}

@article{gandomi2015,
	author = {Gandomi, Amir and Haider, Murtaza},
	title = {Beyond the hype: Big data concepts, methods, and analytics},
	journal = {International Journal of Information Management},
	volume = {35},
	number = {2},
	pages = {137--144},
	year = {2015},
	publisher = {Elsevier}
}

@misc{idc2021,
	author = {{IDC}},
	title = {Worldwide Global DataSphere Forecast, 2021--2025},
	year = {2021},
	howpublished = {\url{https://www.idc.com/getdoc.jsp?containerId=US46410421}},
	note = {Accessed May 2025}
}

@article{demchenko2013,
	author = {Demchenko, Yuri and Grosso, Paola and De Laat, Cees and Membrey, Peter},
	title = {Addressing big data issues in scientific data infrastructure},
	journal = {2013 International Conference on Collaboration Technologies and Systems (CTS)},
	pages = {48--55},
	year = {2013},
	publisher = {IEEE}
}

@article{sadiq2017,
	author = {Sadiq, Shazia and Indulska, Marta and zur Muehlen, Michael},
	title = {Governance and Management of Big Data: A Business Process Perspective},
	journal = {Journal of Database Management},
	volume = {28},
	number = {1},
	pages = {52--71},
	year = {2017}
}

@article{waller2013,
	author = {Waller, Matthew A. and Fawcett, Stanley E.},
	title = {Data Science, Predictive Analytics, and Big Data: A Revolution that will Transform Supply Chain Design and Management},
	journal = {Journal of Business Logistics},
	volume = {34},
	number = {2},
	pages = {77--84},
	year = {2013}
}

@misc{mckinsey2011,
	author = {{Manyika, James and Chui, Michael and Brown, Brad and Bughin, Jacques and Dobbs, Richard and Roxburgh, Charles and Hung Byers, Angela}},
	title = {Big Data: The Next Frontier for Innovation, Competition, and Productivity},
	year = {2011},
	howpublished = {\url{https://www.mckinsey.com/business-functions/mckinsey-digital/our-insights/big-data-the-next-frontier-for-innovation}},
	note = {McKinsey Global Institute, Accessed May 2025}
}

@article{wan2019,
	author = {Wan, Jason and Zhang, Yan and Yang, Jie and Shi, Yong},
	title = {A Big Data Maturity Model for Enterprises: An Empirical Evaluation},
	journal = {Information Systems Frontiers},
	volume = {21},
	number = {6},
	pages = {1427--1444},
	year = {2019}
}

@misc{tdwi2013,
	author = {Russom, Philip},
	title = {TDWI Big Data Maturity Model Guide},
	year = {2013},
	howpublished = {\url{https://tdwi.org/research/2013/12/tdwi-big-data-maturity-model-guide.aspx}},
	note = {Accessed May 2025}
}

@book{dama2017,
	title = {DAMA-DMBOK: Data Management Body of Knowledge (2nd Edition)},
	author = {{DAMA International}},
	year = {2017},
	publisher = {Technics Publications},
	isbn = {9781634622349}
}

@article{george2014,
	author = {George, Gerard and Haas, Martine R. and Pentland, Alex},
	title = {Big Data and Management},
	journal = {Academy of Management Journal},
	volume = {57},
	number = {2},
	pages = {321--326},
	year = {2014},
	doi = {10.5465/amj.2014.4002},
	publisher = {Academy of Management}
}

@article{zwitter2014,
	author = {Zwitter, Andrej},
	title = {Big Data Ethics},
	journal = {Big Data \& Society},
	volume = {1},
	number = {2},
	pages = {1--6},
	year = {2014},
	doi = {10.1177/2053951714559253},
	publisher = {SAGE Publications}
}

@article{labreuche2020,
	author = {Labreuche, Christophe and Pinson, Suzanne and Tsoukiàs, Alexis},
	title = {Data Monetization: From Data Value to Business Value},
	journal = {European Journal of Operational Research},
	volume = {284},
	number = {3},
	pages = {1093--1105},
	year = {2020},
	doi = {10.1016/j.ejor.2019.12.042},
	publisher = {Elsevier}
}

